@article{miller1,
  title     = {Electric-field dependence of linear optical properties in quantum well structures: Waveguide electroabsorption and sum rules},
  author    = {D. Miller and J. Weiner and D. Chemla},
  journal   = {IEEE Journal of Quantum Electronics},
  volume    = {2},
  number    = {9},
  pages     = {1816-1830},
  year      = {1986}
}

@article{miller2,
  title     = {Band-Edge Electroabsorption in Quantum Well Structures: The Quantum-Confined Stark Effect},
  author    = {D.A.B. Miller and D. S. Chemla and T. C. Damen},
  journal   = {Physical Review Letters},
  volume    = {53},
  pages     = {2173},
  year      = {1984}
}

@article{mohseni1,
  title     = {Enhanced Electro-Optic Effect in GaInAsP-InP Three-Step Quantum Wells},
  author    = {H. Mohseni and H. An and Z. A. Shellenbarger and M. H. Kwakernaak and J. H. Abeles},
  journal   = {Applied Physics Letters},
  volume    = {84},
  number    = {11},
  pages     = {1823-25},
  year      = {2004}
}

@book{datta1,
  title     = {Quantum Transport: Atom to Transistor},
  author    = {S. Datta},
  year      = {2005},
  publisher = {Cambridge University Press},
  address   = {Cambridge},
  pages     = {404}
}

@book{fedotkin1,
  title     = {Математическое моделирование технологических процессов: Учебное пособие},
  author    = {И.М. Федоткин},
  year      = {2015},
  publisher = {Книжный дом <<Либроком>>},
  address   = {Москва},
  pages     = {416}
}

@phdthesis{pavlichenko1,
    author      = {И.А. Павличенко},
    title       = {Поверхностные и объемные плазмоны, возбуждаемые в наноразмерных структурах лазерными импульсами и потоками заряженных частиц},
    institution = {НГУ им. Лобачевского},
    address   = {Нижний Новгород},
    year        = {2015},
}

@article{skubachevskii1,
  title     = {Уравнения Власова–Пуассона для двукомпонентной плазмы в однородном магнитном поле},
  author    = {А. Л. Скубачевский},
  journal   = {Успехи математических наук},
  volume    = {69},
  number    = {2},
  pages     = {107-148},
  year      = {2014}
}